@article{1article,
author = {Wamba-Taguimdje, Serge-Lopez and Fosso Wamba, Samuel and Jean Robert, Kala Kamdjoug and Tchatchouang, Chris Emmanuel},
year = {2020},
month = {03},
pages = {},
title = {Influence of Artificial Intelligence (AI) on Firm Performance: The Business Value of AI-based Transformation Projects}
}

@article{2article,
author = {Kolbjørnsrud, Vegard and Amico, Richard and Thomas, Robert},
year = {2017},
month = {01},
pages = {37-43},
title = {Partnering with AI: how organizations can win over skeptical managers},
volume = {45},
journal = {Strategy & Leadership},
}


@conference{3conference,
  author       = {Rania Afiouni}, 
  title        = {Organizational Learning in the Rise of Machine Learning},
  booktitle    = {Proceedings of the 40th International Conference on Information Systems},
  year         = 2019,
  editor       = {Helmut Krcmar and
                  Jane Fedorowicz and
                  Wai Fong Boh and
                  Jan Marco Leimeister and
                  Sunil Wattal},
  pages        = 15-18,
  address      = {Munich, Germany},
  month        = 12,
  organization = {The organization},
  publisher    = {Association for Information Systems},
}

@article{4article,
AUTHOR = {Lee, Jaehun and Suh, Taewon and Roy, Daniel and Baucus, Melissa},
TITLE = {Emerging Technology and Business Model Innovation: The Case of Artificial Intelligence},
JOURNAL = {Journal of Open Innovation: Technology, Market, and Complexity},
VOLUME = {5},
YEAR = {2019},
NUMBER = {3},
ARTICLE-NUMBER = {44},
ISSN = {2199-8531},
}

@article{5article,
  author    = {Rainer Schmidt and Alfred Zimmermann and Michael M{\"o}hring and Barbara Keller},
  title     = {Value creation in connectionist artificial intelligence – a research agenda},
  booktitle = {AMCIS 2020 proceedings - Advancings in information systems research : August 10-14, 2020, Online},
  pages     = {1-10},
  year      = {2020},
}

@article{6article,
  author    = {Vijay Kanade},
  title     = { What Is Artificial Intelligence (AI) Definition, Types, Goals, Challenges and       
                Trends in 2022},
  year      = {2022},
  note    = {https://www.spiceworks.com/tech/artificial-intelligence/articles/what-is-ai/[19-01-2024]}, 
}

@article{7article,
  author    = {Coursera Staff},
  title     = {What Is Artificial Intelligence? Definition, Uses, and Types},
  year      = {2023},
  month     = 7,
  note    = {https://www.coursera.org/articles/what-is-artificial-intelligence, [19-01-2024]}, 
}

@book{tencent2021,
  author = {Tencent Research Institute and CAICT and Tencent AI Lab and Tencent Open Platform},
  title = {Artificial Intelligence: A National Strategic Initiative},
  year = {2021},
  publisher = {Palgrave Macmillan},
  address = {Beijing},
  isbn = {978-981-15-6547-2},
  pages = {55},
}

@online{toolsforhumans2023,
  author = {ToolsForHumans},
  title = {AI Statistics And Trends For 2023},
  year = {2023},
  url = {https://assets-global.website-files.com/63a3450e7d71b8e0c27ad3b6/64c226014a9b193611c5a2b9_Artificial-Intelligence-Market-Size-2021-to-2030-1600x947.webp},
  note = {Updated 04-08-2023, accessed 19-01-2024},
}

@online{novotny2020,
  author = {Novotný, A.},
  title = {{GPT-3 - revolúcia alebo evolúcia?}},
  year = {2020},
  url = {https://umelainteligencia.sk/gpt-3-revolucia-alebo-evolucia/},
  note = {Updated 09-11-2020, accessed 19-01-2024},
}

@book{hlasny2023,
  author = {Hlásny, Marek},
  title = {Vplyv digitalizácie na pracovný proces. Digitálne kompetencie žiakov a učiteľov v kontexte informatizácie a digitalizácie školstva},
  year = {2023},
  pages = {120},
}

@online{ayca2019,
  author = {Ayça, E.},
  title = {Definitions of AI},
  year = {2019},
  url = {https://elizaycayilmaz.medium.com/definitions-of-ai-5efb8989db09},
  note = {Updated 24-11-2019, accessed 19-01-2024},
}

@article{kornienko2015,
  author = {Kornienko, Alla A. and others},
  title = {Knowledge in Artificial Intelligence Systems: Searching the Strategies for Application},
  journal = {Procedia-Social and Behavioral Sciences},
  year = {2015},
  volume = {166},
  pages = {589-594},
  pages = {591},
}

@article{enholm2022,
  author = {Enholm, Ida Merete and others},
  title = {Artificial Intelligence and Business Value: A Literature Review},
  journal = {Information Systems Frontiers},
  year = {2022},
  volume = {24},
  number = {5},
  pages = {1709-1734},
}

@article{paschen2020,
  author = {Paschen, Ulrich and Pitt, Christine and Kietzmann, Jan},
  title = {Artificial Intelligence: Building Blocks and an Innovation Typology},
  journal = {Business Horizons},
  year = {2020},
  volume = {63},
  number = {2},
  pages = {147-155},
}

@article{stalmachova,
  author = {Štalmachová, Katarína and Strenitzerová, Mariana},
  title = {Umelá inteligencia, strojové učenie a trh práce},
  journal="Posta, telekomunikacie a elektronicky obchod",
  year="2020",
  volume="15",
  number="2",
  pages="52--58",
}

@article{glos_prace_kristian,
  author = {Glós, Práce Kristián},
  title = {Hlboké učenie AI v herných prostrediach},
  pages = {7},
}

@online{nelson_nlp,
  author = {Nelson, D.},
  title = {Čo je to NLP (spracovanie prirodzeného jazyka)?},
  year = {2022},
  url = {https://www.unite.ai/sk/čo-je-spracovanie-prirodzeného-jazyka/},
  note = {Updated 09-12-2022, accessed 19-01-2024},
}

@online{chernyak_computer_vision,
  author = {Chernyak, A. and Z.},
  title = {Počítačové videnie je budúcnosťou automatizácie testovania softvéru - história minulosti, súčasnosti a budúcnosti},
  year = {2022},
  url = {https://www.zaptest.com/sk/pocitacove-videnie-je-buducnostou-automatizacie-testovania-softveru-historia-minulosti-sucasnosti-a-buducnosti},
  note = {Updated 09-12-2022, accessed 19-01-2024},
}

@online{sap_ai,
  author = {SAP},
  title = {Čo je to umelá inteligencia?},
  url = {https://www.sap.com/sk/products/artificial-intelligence/what-is-artificial-intelligence.html},
  note = {Accessed 19-01-2024},
}

@book{krajci2020,
  author = {Krajči, M.},
  title = {Využití neurónových sítí a uměle inteligence v marketingu},
  year = {2020},
  publisher = {AMBIS},
  address = {Brno},
  pages = {21},
}

@online{tokoly_technologia,
  author = {Tököly, R.},
  title = {Táto technológia otvorí robotom úplne nové možnosti, umelá inteligencia ich posunie míľovými krokmi},
  year = {2023},
  url = {https://fontech.startitup.sk/tato-technologia-otvori-robotom-uplne-nove-moznosti-umela-inteligencia-ich-posunie-milovymi-kromi/},
  note = {Updated 25-05-2023, accessed 19-01-2024},
}

@article{holmstrom2022,
  author = {Holmström, Jonny},
  title = {From AI to Digital Transformation: The AI Readiness Framework},
  journal = {Business Horizons},
  year = {2022},
  volume = {65},
  number = {3},
  pages = {329-339},
}

@online{aspecta_trendy_2021,
  author = {{Aspecta}},
  title = {Trendy digitálnej transformácie roku 2021},
  year = {},
  url = {https://aspecta.sk/trendy-digitalnej-transformacie-roku-2021/},
  note = {Accessed 19-01-2024},
}

@online{emea_digital_transformation_framework,
  author = {{EMEA}},
  title = {What Is a Digital Transformation Framework?},
  year = {},
  url = {https://www.salesforce.com/eu/blog/what-is-digital-transformation-framework/},
  note = {Updated 28-04-2021, accessed 19-01-2024},
}

@online{eu_parliament_ai,
  author = {{Európsky parlament}},
  title = {Umelá inteligencia: definícia a využitie},
  year = {},
  url = {https://www.europarl.europa.eu/news/sk/headlines/society/20200827STO85804/umela-inteligencia-definicia-a-vyuzitie},
  note = {Updated 21-06-2023, accessed 19-01-2024},
}


@online{removcikova_ai,
  author = {Removčíková, L.},
  title = {Umelá inteligencia a jej využitie (nielen) vo firmách},
  year = {},
  url = {https://www.podnikajte.sk/technologie/umela-inteligencia-a-jej-vyuzitie},
  note = {Updated 21-06-2023, accessed 19-01-2024},
}

@article{deng2022,
  author = {Deng, Jianyang and Lin, Yijia},
  title = {The Benefits and Challenges of ChatGPT: An Overview},
  journal = {Frontiers in Computing and Intelligent Systems},
  year = {2022},
  volume = {2},
  number = {2},
  pages = {81-83},
}

@online{ejaj,
  author = {{Ejaj}},
  title = {Největší česká databáze AI nástrojů},
  year = {},
  url = {https://ejaj.cz/},
  note = {Accessed 19-01-2024},
}

@online{brabencova_programatori_2023,
  author = {Brabencová, P.},
  title = {Budúcnosť programátorov a umelej inteligencie},
  year = {},
  url = {https://itide.sk/blog/buducnost-programatorov-a-umelej-inteligencie},
  note = {Updated 18-10-2023, accessed 19-01-2024},
}

@online{dominik_ai_programovanie,
  author = {Dominik},
  title = {Umelá inteligencia a programovanie: Pozrite sa, ako Vám uľahčí život!},
  year = {},
  url = {https://monkeymedia.sk/umela-inteligencia-a-programovanie-pozrite-sa-ako-vam-ulahci-zivot/},
  note = {Updated 25-03-2023, accessed 19-01-2024},
}

@online{kj_preklad_jazyka,
  author = {{K\&J}},
  title = {Preklad programovacieho jazyka},
  year = {},
  url = {https://www.kjtranslations.sk/blog/preklad-programovacieho-jazyka/},
  note = {Updated 11-08-2022, accessed 19-01-2024},
}























@article{article,
  author  = {Peter Adams}, 
  title   = {The title of the work},
  journal = {The name of the journal},
  year    = 1993,
  number  = 2,
  pages   = {201-213},
  month   = 7,
  note    = {An optional note}, 
  volume  = 4
}

@book{book,
  author    = {Peter Babington}, 
  title     = {The title of the work},
  publisher = {The name of the publisher},
  year      = 1993,
  volume    = 4,
  series    = 10,
  address   = {The address},
  edition   = 3,
  month     = 7,
  note      = {An optional note},
  isbn      = {3257227892}
}

@booklet{booklet,
  title        = {The title of the work},
  author       = {Peter Caxton}, 
  howpublished = {How it was published},
  address      = {The address of the publisher},
  month        = 7,
  year         = 1993,
  note         = {An optional note}
}



@conference{conference,
  author       = {Peter Draper}, 
  title        = {The title of the work},
  booktitle    = {The title of the book},
  year         = 1993,
  editor       = {The editor},
  volume       = 4,
  series       = 5,
  pages        = 213,
  address      = {The address of the publisher},
  month        = 7,
  organization = {The organization},
  publisher    = {The publisher},
  note         = {An optional note}  
}

@inbook{inbook,
  author       = {Peter Eston}, 
  title        = {The title of the work},
  chapter      = 8,
  pages        = {201-213},
  publisher    = {The name of the publisher},
  year         = 1993,
  volume       = 4,
  series       = 5,
  address      = {The address of the publisher},
  edition      = 3,
  month        = 7,
  note         = {An optional note}
}

@incollection{incollection,
  author       = {Peter Farindon}, 
  title        = {The title of the work},
  booktitle    = {The title of the book},
  publisher    = {The name of the publisher},
  year         = 1993,
  editor       = {The editor},
  volume       = 4,
  series       = 5,
  chapter      = 8,
  pages        = {201-213},
  address      = {The address of the publisher},
  edition      = 3,
  month        = 7,
  note         = {An optional note}
}

@manual{manual,
  title        = {The title of the work},
  author       = {Peter Gainsford}, 
  organization = {The organization},
  address      = {The address of the publisher},
  edition      = 3,
  month        = 7,
  year         = 1993,
  note         = {An optional note}
}

@mastersthesis{mastersthesis,
  author       = {Peter Harwood}, 
  title        = {The title of the work},
  school       = {The school where the thesis was written},
  year         = 1993,
  address      = {The address of the publisher},
  month        = 7,
  note         = {An optional note}
}

@misc{misc,
  author       = {Peter Isley}, 
  title        = {The title of the work},
  howpublished = {How it was published},
  month        = 7,
  year         = 1993,
  note         = {An optional note}
}

@phdthesis{phdthesis,
  author       = {Peter Joslin}, 
  title        = {The title of the work},
  school       = {The school where the thesis was written},
  year         = 1993,
  address      = {The address of the publisher},
  month        = 7,
  note         = {An optional note}
}

@proceedings{proceedings,
  title        = {The title of the work},
  year         = 1993,
  editor       = {Peter Kidwelly},
  volume       = 4,
  series       = 5,
  address      = {The address of the publisher},
  month        = 7,
  organization = {The organization},
  publisher    = {The name of the publisher},
  note         = {An optional note}
}

@techreport{techreport,
  author       = {Peter Lambert}, 
  title        = {The title of the work},
  institution  = {The institution that published},
  year         = 1993,
  number       = 2,
  address      = {The address of the publisher},
  month        = 7,
  note         = {An optional note}
}

@unpublished{unpublished,
  author       = {Peter Marcheford}, 
  title        = {The title of the work},
  note         = {An optional note},
  month        = 7,
  year         = 1993
}
